@book{Grahn2017,
  title = {TheVuforiaSDKandUnity3D Game Engine – Evaluating Performance on Android Devices},
  publisher = {Linköping University | Department of Computer and Information Science },
  year = {2017},
  author = {Ivar Grahn},
  totalpages = {42},
  url = {https://liu.diva-portal.org/smash/get/diva2:1127482/FULLTEXT01.pdf}
}

@online{Tuplier2014,
  title = {Unity : Developing Your First Game with Unity and C\#},
  publisher = {Microsoft Docs },
  year = {2014},
  author = {Adam Tuplier},
  url = {https://docs.microsoft.com/en-us/archive/msdn-magazine/2014/august/unity-developing-your-first-game-with-unity-and-csharp, aufgerufen am 19.12.2019}
}

@online{Geiger2014,
  title = {Unity-Tutorial I: Erste Schritte mit der Game Engine},
  publisher = {Heise ix 2},
  year = {2014},
  author = {Christian Geiger, Patrick Pogscheba},
  url = {https://www.heise.de/ix/heft/Spieltrieb-2615262.html, aufgerufen am 19.12.2019}
}

@online{Vuforia2018,
  title = {Vuforia Engine Features},
  publisher = {Vuforia Developer Library},
  year = {2018},
  author ={PTC Inc},
  url = {https://library.vuforia.com/content/vuforia-library/en/features/overview.html, aufgerufen am 17.12.2019)}
}

@online{Waruwu2015,
  title = {Augmented Reality Mobile Application of Balinese Hindu Temples: DewataAR},
  publisher = {MECS},
  year = {2015},
  author ={Adi Ferliyanto Waruwu, I Putu Agung Bayupati, I Ketut Gede Darma Putra},
  url = {https://www.semanticscholar.org/paper/Augmented-Reality-Mobile-Application-of-Balinese-Waruwu-Bayupati/dd8f7c738614048a9e0c5a9cd3ae114a173f3665, aufgerufen am 17.12.2019)}
}